@misc{cite0,
	author = {Jean-benoit Delbrouck},
    title = {Apprentissage par renforcement},
   	howpublished = {\url{<https://jbdel.github.io/teaching/nn2019/rl1.html>}},
    year = 2019,
}

@misc{cite1,
	author = {Wikipedia},
    title = {Processus de décision markovien},
   	howpublished = {\url{<https://fr.wikipedia.org/wiki/Processus_de_d\%C3\%A9cision_markovien>}},
    year = 2022,
}

@misc{cite2,
	author = {Miloud Bettayeb},
    title = {MODÉLISATION D'UN USAGER DE JEU VIDÉO AVEC UN MODÈLE DE MARKOV CACHÉ },
   	howpublished = {\url{<https://corpus.ulaval.ca/jspui/bitstream/20.500.11794/22883/1/28472.pdf>}},
   	year = 2011,
}

@misc{cite3,
author = {Wikipedia},
    title = {Programmation dynamique},
   	howpublished = {\url{<https://fr.wikipedia.org/wiki/Programmation_dynamique>}},
    year = 2021,
}
